<record><leader>02860cam a2200493 i 4500</leader><controlfield tag="001">6803449</controlfield><controlfield tag="003">OCoLC</controlfield><controlfield tag="005">20150202113136.0</controlfield><controlfield tag="008">140507t20152015maua     b    001 0 eng  </controlfield><datafield ind1=" " ind2=" " tag="010"><subfield code="a">  2014017978</subfield></datafield><datafield ind1="7" ind2=" " tag="016"><subfield code="a">101632090</subfield><subfield code="2">DNLM</subfield></datafield><datafield ind1=" " ind2=" " tag="020"><subfield code="a">9781284053302 (pbk.)</subfield></datafield><datafield ind1=" " ind2=" " tag="020"><subfield code="a">128405330X (pbk.)</subfield></datafield><datafield ind1=" " ind2=" " tag="035"><subfield code="a">ocn879416998</subfield></datafield><datafield ind1=" " ind2=" " tag="040"><subfield code="a">DNLM/DLC</subfield><subfield code="b">eng</subfield><subfield code="e">rda</subfield><subfield code="c">DLC</subfield><subfield code="d">YDX</subfield><subfield code="d">NLM</subfield><subfield code="d">YDXCP</subfield><subfield code="d">VET</subfield><subfield code="d">MNE</subfield><subfield code="d">SHH</subfield><subfield code="d">OCLCF</subfield><subfield code="d">BTCTA</subfield><subfield code="d">UAB</subfield><subfield code="d">AEU</subfield></datafield><datafield ind1=" " ind2=" " tag="042"><subfield code="a">pcc</subfield></datafield><datafield ind1="0" ind2="0" tag="050"><subfield code="a">RT81.5</subfield><subfield code="b">.E95 2015</subfield></datafield><datafield ind1="0" ind2="0" tag="060"><subfield code="a">2014 J-952</subfield></datafield><datafield ind1="1" ind2="0" tag="060"><subfield code="a">WY 20.5</subfield></datafield><datafield ind1="0" ind2="0" tag="082"><subfield code="a">610.73072</subfield><subfield code="2">23</subfield></datafield><datafield ind1=" " ind2=" " tag="090"><subfield code="a">RT 81.5 E95 2015</subfield><subfield code="b">AEU</subfield></datafield><datafield ind1=" " ind2=" " tag="090"><subfield code="a">RT81.5 .E95 2015</subfield><subfield code="b">AEGMCT</subfield></datafield><datafield ind1="0" ind2="0" tag="245"><subfield code="a">Evidence-based practice for nurses :</subfield><subfield code="b">appraisal and application of research /</subfield><subfield code="c">edited by Nola A. Schmidt, PhD, RN, CNE (Professor, College of Nursing and Health Professions, Valparaiso University, Valparaiso, Indiana), Janet M. Brown, PhD, RN (Dean and Professor, College of Nursing and Health Professions, Valparaiso University, Valparaiso, Indiana).</subfield></datafield><datafield ind1=" " ind2=" " tag="250"><subfield code="a">Third edition.</subfield></datafield><datafield ind1=" " ind2="1" tag="264"><subfield code="a">Burlington, Massachusetts :</subfield><subfield code="b">Jones &amp; Bartlett Learning,</subfield><subfield code="c">[2015]</subfield></datafield><datafield ind1=" " ind2="4" tag="264"><subfield code="c">&#169;2015</subfield></datafield><datafield ind1=" " ind2=" " tag="300"><subfield code="a">xxviii, 577 pages :</subfield><subfield code="b">color illustrations ;</subfield><subfield code="c">23 cm</subfield></datafield><datafield ind1=" " ind2=" " tag="336"><subfield code="a">text</subfield><subfield code="2">rdacontent</subfield></datafield><datafield ind1=" " ind2=" " tag="337"><subfield code="a">unmediated</subfield><subfield code="2">rdamedia</subfield></datafield><datafield ind1=" " ind2=" " tag="338"><subfield code="a">volume</subfield><subfield code="2">rdacarrier</subfield></datafield><datafield ind1=" " ind2=" " tag="504"><subfield code="a">Includes bibliographical references and index.</subfield></datafield><datafield ind1="0" ind2=" " tag="505"><subfield code="a">What is evidence-based practice? -- Using evidence through collaboration to promote excellence in nursing practice -- Identifying research questions -- Finding sources of evidence -- Linking theory, research, and practice -- Key principles of quantitative designs -- Quantitative designs : using numbers to provide evidence -- Epidemiologic designs : using data to understand populations -- Qualitative designs : using words to provide evidence -- Collecting evidence -- Using samples to provide evidence -- Other sources of evidence -- What do the quantitative data mean? -- What do the qualitative data mean? -- Weighing in on the evidence -- Transitioning evidence to practice -- Developing oneself as an innovator -- Evaluating outcomes of innovations -- Sharing the insights with others.</subfield></datafield><datafield ind1=" " ind2=" " tag="596"><subfield code="a">29 42</subfield></datafield><datafield ind1=" " ind2="0" tag="650"><subfield code="a">Nursing</subfield><subfield code="x">Research.</subfield></datafield><datafield ind1=" " ind2="0" tag="650"><subfield code="a">Evidence-based nursing.</subfield></datafield><datafield ind1="1" ind2="2" tag="650"><subfield code="a">Nursing Research</subfield><subfield code="x">methods.</subfield></datafield><datafield ind1="2" ind2="2" tag="650"><subfield code="a">Evidence-Based Nursing.</subfield></datafield><datafield ind1="1" ind2=" " tag="700"><subfield code="a">Schmidt, Nola A.,</subfield><subfield code="e">editor.</subfield></datafield><datafield ind1="1" ind2=" " tag="700"><subfield code="a">Brown, Janet M.</subfield><subfield code="q">(Janet Marie),</subfield><subfield code="d">1947-</subfield><subfield code="e">editor.</subfield></datafield><datafield ind1=" " ind2=" " tag="949"><subfield code="a">RT 81.5 E95 2015</subfield><subfield code="c">1</subfield><subfield code="h">UAHL-B</subfield><subfield code="i">0162035238516</subfield></datafield><datafield ind1=" " ind2=" " tag="947"><subfield code="b">PNU</subfield><subfield code="f">QGM</subfield><subfield code="h">GMCT-OS-B</subfield><subfield code="p">84.44</subfield><subfield code="q">1</subfield><subfield code="z">9781284053302</subfield></datafield><datafield ind1=" " ind2=" " tag="999"><subfield code="h">GMCT-OS-B</subfield></datafield><datafield ind1=" " ind2=" " tag="926"><subfield code="a">RT 81.5 E95 2015</subfield><subfield code="w">LC</subfield><subfield code="c">1</subfield><subfield code="i">0162035238516</subfield><subfield code="d">3/30/2016</subfield><subfield code="e">2/25/2016</subfield><subfield code="l">ON_SHELF</subfield><subfield code="m">UAHLTHSC</subfield><subfield code="n">3</subfield><subfield code="p">$150.00</subfield><subfield code="r">Y</subfield><subfield code="s">Y</subfield><subfield code="t">BOOK</subfield><subfield code="u">2/11/2015</subfield></datafield><datafield ind1=" " ind2=" " tag="926"><subfield code="a">RT81.5 .E95 2015</subfield><subfield code="w">LC</subfield><subfield code="c">1</subfield><subfield code="i">1007763939</subfield><subfield code="d">11/18/2016</subfield><subfield code="e">10/31/2016</subfield><subfield code="l">ON_SHELF</subfield><subfield code="m">GR_MACEWAN</subfield><subfield code="n">3</subfield><subfield code="p">$115.02</subfield><subfield code="r">Y</subfield><subfield code="s">Y</subfield><subfield code="t">BOOK</subfield><subfield code="u">5/28/2015</subfield></datafield></record>